@inproceedings{Ariola95,
  author    = {Zena M. Ariola and
               Matthias Felleisen and
               John Maraist and
               Martin Odersky and
               Philip Wadler},
  title     = {{T}he {C}all-by-{N}eed {L}ambda {C}alculus},
  booktitle = {Conference Record of POPL'95: 22nd {ACM} {SIGPLAN-SIGACT} Symposium
               on Principles of Programming Languages, San Francisco, California,
               USA, January 23-25, 1995},
  pages     = {233--246},
  year      = {1995},
  url       = {http://doi.acm.org/10.1145/199448.199507},
  doi       = {10.1145/199448.199507},
  timestamp = {Mon, 10 Dec 2012 15:26:39 +0100},
  biburl    = {http://dblp.org/rec/bib/conf/popl/AriolaFMOW95},
  bibsource = {dblp computer science bibliography, http://dblp.org}
}
%
@article{Maraist98,
  author    = {John Maraist and
               Martin Odersky and
               Philip Wadler},
  title     = {{T}he {C}all-by-{N}eed {L}ambda {C}alculus},
  journal   = {J. Funct. Program.},
  volume    = {8},
  number    = {3},
  pages     = {275--317},
  year      = {1998},
  url       = {http://journals.cambridge.org/action/displayAbstract?aid=44169},
  timestamp = {Fri, 10 Jun 2011 14:42:10 +0200},
  biburl    = {http://dblp.org/rec/bib/journals/jfp/MaraistOW98},
  bibsource = {dblp computer science bibliography, http://dblp.org}
}
%
@article{McKinna99,
  author    = {James McKinna and
               Robert Pollack},
  title     = {{S}ome {L}ambda {C}alculus and {T}ype {T}heory {F}ormalized},
  journal   = {J. Autom. Reasoning},
  volume    = {23},
  number    = {3-4},
  pages     = {373--409},
  year      = {1999},
  url       = {https://doi.org/10.1023/A:1006294005493},
  doi       = {10.1023/A:1006294005493},
  timestamp = {Sat, 20 May 2017 00:22:32 +0200},
  biburl    = {http://dblp.org/rec/bib/journals/jar/McKinnaP99},
  bibsource = {dblp computer science bibliography, http://dblp.org}
}
%
@inproceedings{Gordon93,
  author    = {Andrew D. Gordon},
  title     = {{A} {M}echanisation of {N}ame-{C}arrying {S}yntax up to {A}lpha-{C}onversion},
  booktitle = {{H}igher {O}rder {L}ogic {T}heorem {P}roving and its {A}pplications, 6th {I}nternational
               Workshop, {HUG} '93, Vancouver, BC, Canada, August 11-13, 1993, Proceedings},
  pages     = {413--425},
  year      = {1993},
  url       = {https://doi.org/10.1007/3-540-57826-9_152},
  doi       = {10.1007/3-540-57826-9_152},
  timestamp = {Sat, 20 May 2017 15:32:54 +0200},
  biburl    = {http://dblp.org/rec/bib/conf/tphol/Gordon93},
  bibsource = {dblp computer science bibliography, http://dblp.org}
}
%
@inproceedings{Chlipala08,
  author    = {Adam Chlipala},
  editor    = {James Hook and
               Peter Thiemann},
  title     = {{P}arametric {H}igher-{O}rder {A}bstract {S}yntax for {M}echanized {S}emantics},
  booktitle = {Proceeding of the 13th {ACM} {SIGPLAN} international conference on
               Functional programming, {ICFP} 2008, Victoria, BC, Canada, September
               20-28, 2008},
  pages     = {143--156},
  publisher = {{ACM}},
  year      = {2008},
  url       = {http://doi.acm.org/10.1145/1411204.1411226},
  doi       = {10.1145/1411204.1411226},
  timestamp = {Sat, 23 Apr 2011 18:03:42 +0200},
  biburl    = {http://dblp.org/rec/bib/conf/icfp/Chlipala08},
  bibsource = {dblp computer science bibliography, http://dblp.org}
}
%
@inproceedings{Schaefer15,
  author    = {Steven Sch{\"{a}}fer and
               Tobias Tebbi and
               Gert Smolka},
  editor    = {Christian Urban and
               Xingyuan Zhang},
  title     = {Autosubst: Reasoning with de {B}ruijn Terms and Parallel Substitutions},
  booktitle = {Interactive Theorem Proving - 6th International Conference, {ITP}
               2015, Nanjing, China, August 24-27, 2015, Proceedings},
  series    = {Lecture Notes in Computer Science},
  volume    = {9236},
  pages     = {359--374},
  publisher = {Springer},
  year      = {2015},
  url       = {https://doi.org/10.1007/978-3-319-22102-1_24},
  doi       = {10.1007/978-3-319-22102-1_24},
  timestamp = {Sun, 21 May 2017 00:18:59 +0200},
  biburl    = {http://dblp.org/rec/bib/conf/itp/SchaferTS15},
  bibsource = {dblp computer science bibliography, http://dblp.org}
}
% !!!
@incollection{Abramsky90,
 author = {Abramsky, Samson},
 title = {{T}he {L}azy {L}ambda {C}alculus},
 booktitle = {Research Topics in Functional Programming},
 editor = {Turner, David A.},
 year = {1990},
 isbn = {0-201-17236-4},
 pages = {65--116},
 numpages = {52},
 url = {http://dl.acm.org/citation.cfm?id=119830.119834},
 acmid = {119834},
 publisher = {Addison-Wesley Publishing Company},
} 
%
@inproceedings{Ong88,
  author    = {C.{-}H. Luke Ong},
  title     = {{F}ully {A}bstract {M}odels of the {L}azy {L}ambda {C}alculus},
  booktitle = {29th Annual Symposium on Foundations of Computer Science, White Plains,
               New York, USA, 24-26 October 1988},
  pages     = {368--376},
  publisher = {{IEEE} Computer Society},
  year      = {1988},
  url       = {https://doi.org/10.1109/SFCS.1988.21953},
  doi       = {10.1109/SFCS.1988.21953},
  timestamp = {Fri, 02 Jun 2017 20:49:24 +0200},
  biburl    = {http://dblp.org/rec/bib/conf/focs/Ong88},
  bibsource = {dblp computer science bibliography, http://dblp.org}
}
%
@phdthesis{Wadsworth71,
	author = {Wadsworth, C. P.},
	title = {{S}emantics and {P}ragmatics of the {L}ambda {C}alculus},
	school = {Oxford University},
	year = {1971},
}
%
@inproceedings{Launchbury93,
  author    = {John Launchbury},
  editor    = {Mary S. Van Deusen and
               Bernard Lang},
  title     = {{A} {N}atural {S}emantics for {L}azy {E}valuation},
  booktitle = {Conference Record of the Twentieth Annual {ACM} {SIGPLAN-SIGACT} Symposium
               on Principles of Programming Languages, Charleston, South Carolina,
               USA, January 1993},
  pages     = {144--154},
  publisher = {{ACM} Press},
  year      = {1993},
  url       = {http://doi.acm.org/10.1145/158511.158618},
  doi       = {10.1145/158511.158618},
  timestamp = {Mon, 21 May 2012 16:19:51 +0200},
  biburl    = {http://dblp.org/rec/bib/conf/popl/Launchbury93},
  bibsource = {dblp computer science bibliography, http://dblp.org}
}
%
@article{Ariola97,
  author    = {Zena M. Ariola and
               Matthias Felleisen},
  title     = {{T}he {C}all-{B}y-{N}eed lambda {C}alculus},
  journal   = {J. Funct. Program.},
  volume    = {7},
  number    = {3},
  pages     = {265--301},
  year      = {1997},
  url       = {http://journals.cambridge.org/action/displayAbstract?aid=44089},
  timestamp = {Fri, 10 Jun 2011 14:42:09 +0200},
  biburl    = {http://dblp.org/rec/bib/journals/jfp/AriolaF97},
  bibsource = {dblp computer science bibliography, http://dblp.org}
}
% !!!
@inproceedings{Kesner16,
  author    = {Delia Kesner},
  editor    = {Bart Jacobs and
               Christof L{\"{o}}ding},
  title     = {{R}easoning {A}bout {C}all-by-need by {M}eans of {T}ypes},
  booktitle = {Foundations of Software Science and Computation Structures - 19th
               International Conference, {FOSSACS} 2016, Held as Part of the European
               Joint Conferences on Theory and Practice of Software, {ETAPS} 2016,
               Eindhoven, The Netherlands, April 2-8, 2016, Proceedings},
  series    = {Lecture Notes in Computer Science},
  volume    = {9634},
  pages     = {424--441},
  publisher = {Springer},
  year      = {2016},
  url       = {https://doi.org/10.1007/978-3-662-49630-5_25},
  doi       = {10.1007/978-3-662-49630-5_25},
  timestamp = {Tue, 23 May 2017 01:08:05 +0200},
  biburl    = {http://dblp.org/rec/bib/conf/fossacs/Kesner16},
  bibsource = {dblp computer science bibliography, http://dblp.org}
}
%
@inproceedings{Accattoli14,
  author    = {Beniamino Accattoli and
               Pablo Barenbaum and
               Damiano Mazza},
  editor    = {Johan Jeuring and
               Manuel M. T. Chakravarty},
  title     = {{D}istilling {A}bstract {M}achines},
  booktitle = {Proceedings of the 19th {ACM} {SIGPLAN} international conference on
               Functional programming, Gothenburg, Sweden, September 1-3, 2014},
  pages     = {363--376},
  publisher = {{ACM}},
  year      = {2014},
  url       = {http://doi.acm.org/10.1145/2628136.2628154},
  doi       = {10.1145/2628136.2628154},
  timestamp = {Thu, 20 Nov 2014 18:09:13 +0100},
  biburl    = {http://dblp.org/rec/bib/conf/icfp/AccattoliBM14},
  bibsource = {dblp computer science bibliography, http://dblp.org}
}
%
@inproceedings{Chang12,
  author    = {Stephen Chang and
               Matthias Felleisen},
  editor    = {Helmut Seidl},
  title     = {{T}he {C}all-by-{N}eed {L}ambda {C}alculus, {R}evisited},
  booktitle = {Programming Languages and Systems - 21st European Symposium on Programming,
               {ESOP} 2012, Held as Part of the European Joint Conferences on Theory
               and Practice of Software, {ETAPS} 2012, Tallinn, Estonia, March 24
               - April 1, 2012. Proceedings},
  series    = {Lecture Notes in Computer Science},
  volume    = {7211},
  pages     = {128--147},
  publisher = {Springer},
  year      = {2012},
  url       = {https://doi.org/10.1007/978-3-642-28869-2_7},
  doi       = {10.1007/978-3-642-28869-2_7},
  timestamp = {Fri, 19 May 2017 01:25:18 +0200},
  biburl    = {http://dblp.org/rec/bib/conf/esop/ChangF12},
  bibsource = {dblp computer science bibliography, http://dblp.org}
}
% !!!
@inproceedings{Johnsson84,
  author    = {Thomas Johnsson},
  editor    = {Mary S. Van Deusen and
               Susan L. Graham},
  title     = {{E}fficient {C}ompilation of {L}azy {E}valuation},
  booktitle = {Proceedings of the 1984 {SIGPLAN} Symposium on Compiler Construction,
               Montreal, Canada, June 17-22, 1984},
  pages     = {58--69},
  publisher = {{ACM}},
  year      = {1984},
  url       = {http://doi.acm.org/10.1145/502874.502880},
  doi       = {10.1145/502874.502880},
  timestamp = {Mon, 21 May 2012 16:19:48 +0200},
  biburl    = {http://dblp.org/rec/bib/conf/sigplan/Johnsson84},
  bibsource = {dblp computer science bibliography, http://dblp.org}
}
% !!!
@article{PeytonJones92,
  author    = {Simon L. {Peyton Jones}},
  title     = {{I}mplementing {L}azy {F}unctional {L}anguages on {S}tock {H}ardware: {T}he {S}pineless
	  {T}agless {G}-{M}achine},
  journal   = {J. Funct. Program.},
  volume    = {2},
  number    = {2},
  pages     = {127--202},
  year      = {1992},
  url       = {https://doi.org/10.1017/S0956796800000319},
  doi       = {10.1017/S0956796800000319},
  timestamp = {Sat, 27 May 2017 14:24:34 +0200},
  biburl    = {http://dblp.org/rec/bib/journals/jfp/Jones92a},
  bibsource = {dblp computer science bibliography, http://dblp.org}
}
%
@inproceedings{Fairbairn87,
  author    = {Jon Fairbairn and
               Stuart Wray},
  editor    = {Gilles Kahn},
  title     = {{TIM:} {A} simple, lazy abstract machine to execute supercombinatorics},
  booktitle = {Functional Programming Languages and Computer Architecture, Portland,
               Oregon, USA, September 14-16, 1987, Proceedings},
  series    = {Lecture Notes in Computer Science},
  volume    = {274},
  pages     = {34--45},
  publisher = {Springer},
  year      = {1987},
  url       = {https://doi.org/10.1007/3-540-18317-5_3},
  doi       = {10.1007/3-540-18317-5_3},
  timestamp = {Fri, 19 May 2017 13:10:46 +0200},
  biburl    = {http://dblp.org/rec/bib/conf/fpca/FairbairnW87},
  bibsource = {dblp computer science bibliography, http://dblp.org}
}
% !!!!
@inproceedings{McBride04,
  author    = {Conor McBride and
               James McKinna},
  editor    = {Henrik Nilsson},
  title     = {{F}unctional {P}earl: {I} am not a {N}umber--{I} am a {F}ree {V}ariable},
  booktitle = {Proceedings of the {ACM} {SIGPLAN} Workshop on Haskell, Haskell 2004,
               Snowbird, UT, USA, September 22-22, 2004},
  pages     = {1--9},
  publisher = {{ACM}},
  year      = {2004},
  url       = {http://doi.acm.org/10.1145/1017472.1017477},
  doi       = {10.1145/1017472.1017477},
  timestamp = {Wed, 07 Nov 2012 21:41:26 +0100},
  biburl    = {http://dblp.org/rec/bib/conf/haskell/McBrideM04},
  bibsource = {dblp computer science bibliography, http://dblp.org}
}
%
@article{deBruijn72,
title = "{L}ambda calculus notation with nameless dummies, a tool for automatic formula manipulation, with application to the {C}hurch-{R}osser theorem",
journal = "Indagationes Mathematicae (Proceedings)",
volume = "75",
number = "5",
pages = "381-392",
year = "1972",
issn = "1385-7258",
doi = "https://doi.org/10.1016/1385-7258(72)90034-0",
url = "http://www.sciencedirect.com/science/article/pii/1385725872900340",
author = "N.G de {B}ruijn"
}
%
@Book{Barendregt-84,
  author =     {H. P. Barendregt},
  ALTeditor =      {},
  title =      {The Lambda Calculus: Its Syntax and Semantics},
  publisher =      {North-Holland},
  year =      {1984},
  OPTkey =      {},
  volume =     {103},
  OPTnumber =      {},
  series =     {Studies in Logic and the Foundations of Mathematics},
  OPTaddress =      {},
  edition =     {Revised},
  OPTmonth =      {},
  OPTnote =      {},
  OPTannote =      {}
}
%
@inproceedings{Pfenning88,
  author    = {Frank Pfenning and
               Conal Elliott},
  editor    = {Richard L. Wexelblat},
  title     = {{H}igher-{O}rder {A}bstract {S}yntax},
  booktitle = {Proceedings of the {ACM} SIGPLAN'88 Conference on Programming Language
               Design and Implementation (PLDI), Atlanta, Georgia, USA, June 22-24,
               1988},
  pages     = {199--208},
  publisher = {{ACM}},
  year      = {1988},
  url       = {http://doi.acm.org/10.1145/53990.54010},
  doi       = {10.1145/53990.54010},
  timestamp = {Mon, 21 May 2012 16:19:53 +0200},
  biburl    = {http://dblp.org/rec/bib/conf/pldi/PfenningE88},
  bibsource = {dblp computer science bibliography, http://dblp.org}
}
@article{Goldfarb81,
  author    = {Warren D. Goldfarb},
  title     = {{T}he {U}ndecidability of the {S}econd-{O}rder {U}nification {P}roblem},
  journal   = {Theor. Comput. Sci.},
  volume    = {13},
  pages     = {225--230},
  year      = {1981},
  url       = {https://doi.org/10.1016/0304-3975(81)90040-2},
  doi       = {10.1016/0304-3975(81)90040-2},
  timestamp = {Sun, 28 May 2017 13:19:59 +0200},
  biburl    = {http://dblp.org/rec/bib/journals/tcs/Goldfarb81},
  bibsource = {dblp computer science bibliography, http://dblp.org}
}
%
@incollection{Coq:manual,
  title = {{O}mega: a solver of quantifier-free problems in {P}resburger {A}rithmetic},
  booktitle = {{T}he {C}oq proof assistant reference manual},
  chapter = {21},
  author = {Pierre Cr\'{e}gut},
  organization = {{L}ogi{C}al {P}roject},
  note = {Version 8.7.0},
  year = {2017},
  url = "https://coq.inria.fr/refman/omega.html"
}
@inproceedings{Ariola:1997,
  author    = {Zena M. Ariola and
               Stefan Blom},
  editor    = {Mart{\'{\i}}n Abadi and
               Takayasu Ito},
  title     = {{C}yclic {L}ambda {C}alculi},
  booktitle = {Theoretical Aspects of Computer Software, Third International Symposium,
               {TACS} '97, Sendai, Japan, September 23-26, 1997, Proceedings},
  series    = {Lecture Notes in Computer Science},
  volume    = {1281},
  pages     = {77--106},
  publisher = {Springer},
  year      = {1997},
  url       = {https://doi.org/10.1007/BFb0014548},
  doi       = {10.1007/BFb0014548},
  timestamp = {Mon, 22 May 2017 17:11:16 +0200},
  biburl    = {http://dblp.org/rec/bib/conf/tacs/AriolaB97},
  bibsource = {dblp computer science bibliography, http://dblp.org}
}
